% Reference for SNaQ theory and methodology
@article{2016SolislemusAne_SNaQ,
  author = {Sol{\'\i}s-Lemus, Claudia and An{\'e}, C{\'e}cile},
  title = {Inferring Phylogenetic Networks with Maximum Pseudolikelihood under Incomplete Lineage Sorting},
  journal = {PLOS Genetics},
  year = {2016},
  volume = {12},
  number = {3},
  pages = {1-21},
  doi = {10.1371/journal.pgen.1005896},
}

% Reference for SNaQ version 1.1
@misc{PENDING-PREPRINT}

% Reference for core dependency PhyloNetworks.jl
@article{PhyloNetworks.jl,
  author = {Sol{\'\i}s-Lemus, Claudia and Bastide, Paul and An{\'e}, C{\'e}cile},
  title = {PhyloNetworks: A Package for Phylogenetic Networks},
  journal = {Molecular Biology and Evolution},
  year = {2017},
  volume = {34},
  number = {12},
  pages = {3292-3298},
  doi = {10.1093/molbev/msx235},
}
